@article{goswami-sen,
  author  = "Sanchari Goswami and Parongama Sen",
  title   = "Agent based models for wealth distirbution with preference in interaction",
  year    = "2014",
  month   = "dec",
  day     = "1",
  journal = "Psyica A: Statistical Mechanics and its Applications",
  volume  = "415",
  pages   = "514--524",
  url     = "http://www.sciencedirect.com/science/article/pii/S0378437114006967",
}
